<?xml version="1.0" encoding="UTF-8"?><collection xmlns="http://www.loc.gov/MARC21/slim"><record><leader>00505nam--2200193-i-4500</leader><controlfield tag="001">000041655</controlfield><controlfield tag="002">20161230</controlfield><controlfield tag="005">20161230201043</controlfield><controlfield tag="008">060222s1000------------r-----000-0-ger-d</controlfield><datafield ind1=" " ind2=" " tag="040"><subfield code="a">IFIN-HH</subfield></datafield><datafield ind1=" " ind2=" " tag="041"><subfield code="a">ger</subfield></datafield><datafield ind1=" " ind2=" " tag="080"><subfield code="a">535.215:621.38</subfield></datafield><datafield ind1="1" ind2=" " tag="100"><subfield code="a">Simon, H</subfield></datafield><datafield ind1="1" ind2="0" tag="245"><subfield code="a">Der lichtelektrische effekt und seine anwendungen</subfield><subfield code="c">H. simon, r. suhrmann</subfield></datafield><datafield ind1=" " ind2=" " tag="260"><subfield code="a">Berlin</subfield><subfield code="b">Springer-verlag</subfield><subfield code="c">1958</subfield></datafield><datafield ind1=" " ind2=" " tag="300"><subfield code="a">XII + 747 P</subfield></datafield><datafield ind1="1" ind2=" " tag="700"><subfield code="a">Suhrmann, R</subfield></datafield><datafield ind1=" " ind2=" " tag="852"><subfield code="a">14587</subfield><subfield code="c">535</subfield></datafield><datafield ind1=" " ind2=" " tag="CAT"><subfield code="a">Sys</subfield><subfield code="c">20101019</subfield><subfield code="h">122630</subfield></datafield></record></collection>